<record><leader>00000cas a2200000 a 4500</leader><controlfield tag="001">612560226</controlfield><controlfield tag="008">100507c19999999iluwr ne      0   a0eng c</controlfield><datafield ind1=" " ind2=" " tag="010"><subfield code="a">  2010271322</subfield></datafield><datafield ind1=" " ind2=" " tag="040"><subfield code="a">NVF</subfield><subfield code="b">eng</subfield><subfield code="c">NVF</subfield><subfield code="d">OCLCQ</subfield><subfield code="d">OCLCF</subfield><subfield code="d">OCLCO</subfield><subfield code="d">NVF</subfield></datafield><datafield ind1=" " ind2=" " tag="042"><subfield code="a">pcc</subfield></datafield><datafield ind1=" " ind2=" " tag="043"><subfield code="a">n-us-il</subfield></datafield><datafield ind1="0" ind2="4" tag="245"><subfield code="a">The La Grange press.</subfield></datafield><datafield ind1=" " ind2=" " tag="260"><subfield code="a">Lemont, Ill. :</subfield><subfield code="b">Press Publications,</subfield><subfield code="c">1999-</subfield></datafield><datafield ind1=" " ind2=" " tag="300"><subfield code="a">v.</subfield></datafield><datafield ind1=" " ind2=" " tag="310"><subfield code="a">Weekly</subfield></datafield><datafield ind1="0" ind2=" " tag="362"><subfield code="a">Vol. 67, no. 32 (Aug. 6, 1999)-</subfield></datafield><datafield ind1=" " ind2=" " tag="588"><subfield code="a">Latest issue consulted: Vol. 68, no. 36 (Sept. 8, 2000).</subfield></datafield><datafield ind1=" " ind2="0" tag="651"><subfield code="a">La Grange (Ill.)</subfield><subfield code="v">Newspapers.</subfield></datafield><datafield ind1=" " ind2="7" tag="651"><subfield code="a">Illinois</subfield><subfield code="z">La Grange.</subfield><subfield code="2">fast</subfield><subfield code="0">(OCoLC)fst01206603</subfield></datafield><datafield ind1=" " ind2="7" tag="655"><subfield code="a">Newspapers.</subfield><subfield code="2">fast</subfield><subfield code="0">(OCoLC)fst01423814</subfield></datafield><datafield ind1=" " ind2=" " tag="752"><subfield code="a">United States</subfield><subfield code="b">Illinois</subfield><subfield code="c">Cook</subfield><subfield code="d">Lemont.</subfield></datafield><datafield ind1="0" ind2="0" tag="780"><subfield code="t">West Cook press (Lemont, Ill. : La Grange/La Grange Park ed.)</subfield><subfield code="w">(DLC)sn 98063288</subfield><subfield code="w">(OCoLC)40385961</subfield></datafield></record>